Weak explicit substitutions
@inproceedings{LevyM99,
  author    = {Jean{-}Jacques L{\'{e}}vy and
               Luc Maranget},
  title     = {Explicit Substitutions and Programming Languages},
  booktitle = {Foundations of Software Technology and Theoretical Computer Science,
               19th Conference, Chennai, India, December 13-15, 1999, Proceedings},
  year      = {1999},
  pages     = {181--200},
  crossref  = {DBLP:conf/fsttcs/1999},
  url       = {http://dx.doi.org/10.1007/3-540-46691-6_14},
  doi       = {10.1007/3-540-46691-6_14},
  timestamp = {Mon, 13 Oct 2014 17:29:38 +0200},
  biburl    = {http://dblp.uni-trier.de/rec/bib/conf/fsttcs/LevyM99},
  bibsource = {dblp computer science bibliography, http://dblp.org}
}

@proceedings{DBLP:conf/fsttcs/1999,
  editor    = {C. Pandu Rangan and
               Venkatesh Raman and
               Ramaswamy Ramanujam},
  title     = {Foundations of Software Technology and Theoretical Computer Science,
               19th Conference, Chennai, India, December 13-15, 1999, Proceedings},
  series    = {Lecture Notes in Computer Science},
  year      = {1999},
  volume    = {1738},
  publisher = {Springer},
  isbn      = {3-540-66836-5},
  timestamp = {Mon, 13 Oct 2014 17:29:38 +0200},
  biburl    = {http://dblp.uni-trier.de/rec/bib/conf/fsttcs/1999},
  bibsource = {dblp computer science bibliography, http://dblp.org}
}
