@inproceedings{Wadler12,
 author = {Wadler, Philip},
 title = {Propositions As Sessions},
 booktitle = {Proceedings of the 17th ACM SIGPLAN International Conference on Functional Programming},
 series = {ICFP '12},
 year = {2012},
 address = {Copenhagen, Denmark},
 pages = {273--286},
 publisher = {ACM},
}

@article{Girard87,
    address = {Essex, UK},
    author = {Girard, Jean-Yves},
    journal = {Theoretical Computer Science},
    month = jan,
    number = {1},
    pages = {1--101},
    publisher = {Elsevier Science Publishers Ltd.},
    title = {Linear logic},
    volume = {50},
    year = {1987}
}

@inproceedings{Abramsky92,
 author = {Abramsky, Samson},
 title = {Proofs As Processes},
 booktitle = {Selected Papers of the Conference on Meeting on the Mathematical Foundations of Programming Semantics, Part I : Linear Logic: Linear Logic},
 series = {MFPS '92},
 year = {1994},
 address = {Oxford, United Kingdom},
 pages = {5--9},
 numpages = {5},
 publisher = {Elsevier Science Publishers B. V.},
}

@article{BellinScott94,
    author = {Bellin, Gianluigi and Scott, Philip J.},
    journal = {Theoretical Computer Science},
    number = {1},
    pages = {11--65},
    title = {On the {$\pi$-Calculus} and Linear Logic},
    volume = {135},
    year = {1994}
}

@inproceedings{CairesPfenning10,
  author    = {Lu\'{\i}s Caires and
               Frank Pfenning},
  title     = {Session Types as Intuitionistic Linear Propositions},
  booktitle = {International Conference on Concurrency Theory},
  series    = {CONCUR '10},
  year      = {2010},
  pages     = {222-236},
}

@article{GayVasconcelos10,
  title={Linear type theory for asynchronous session types},
  author={Gay, Simon J and Vasconcelos, Vasco T},
  journal={Journal of Functional Programming},
  volume={20},
  number={01},
  pages={19--50},
  year={2010},
  publisher={Cambridge Univ Press}
}
