@inproceedings{Wadler12,
 author = {Wadler, Philip},
 title = {Propositions As Sessions},
 booktitle = {Proceedings of the 17th ACM SIGPLAN International Conference on Functional Programming},
 series = {ICFP '12},
 year = {2012},
 OPTaddress = {Copenhagen, Denmark},
 pages = {273--286},
 publisher = {ACM},
}

@article{Girard87,
    address = {Essex, UK},
    author = {Girard, Jean-Yves},
    journal = {Theoretical Computer Science},
    month = jan,
    number = {1},
    pages = {1--101},
    publisher = {Elsevier Science Publishers Ltd.},
    title = {Linear logic},
    volume = {50},
    year = {1987}
}

@inproceedings{Abramsky92,
 author = {Abramsky, Samson},
 title = {Proofs As Processes},
 booktitle = {Selected Papers of the Conference on Meeting on the Mathematical Foundations of Programming Semantics, Part I : Linear Logic: Linear Logic},
 series = {MFPS '92},
 year = {1994},
 address = {Oxford, United Kingdom},
 pages = {5--9},
 numpages = {5},
 publisher = {Elsevier},
}

@article{BellinScott94,
    author = {Bellin, Gianluigi and Scott, Philip J.},
    journal = {Theoretical Computer Science},
    number = {1},
    pages = {11--65},
    title = {On the {$\pi$-Calculus} and Linear Logic},
    volume = {135},
    year = {1994}
}

@inproceedings{CairesPfenning10,
  author    = {Lu\'{\i}s Caires and
               Frank Pfenning},
  title     = {Session Types as Intuitionistic Linear Propositions},
  booktitle = {International Conference on Concurrency Theory},
  series    = {CONCUR '10},
  year      = {2010},
  pages     = {222-236},
}

@article{GayVasconcelos10,
  title={Linear type theory for asynchronous session types},
  author={Gay, Simon J. and Vasconcelos, Vasco T.},
  journal={Journal of Functional Programming},
  volume={20},
  number={01},
  pages={19--50},
  year={2010},
  publisher={Cambridge Univ Press}
}

@article{Felleisen91,
  author    = {Matthias Felleisen},
  title     = {On the Expressive Power of Programming Languages},
  journal   = {Sci. Comput. Program.},
  volume    = {17},
  number    = {1--3},
  year      = {1991},
  pages     = {35-75},
  bibsource = {DBLP, http://dblp.uni-trier.de}
}

@inproceedings{DardhaGS12,
  author    = {Ornela Dardha and
               Elena Giachino and
               Davide Sangiorgi},
  title     = {Session types revisited},
  booktitle = {PPDP},
  year      = {2012},
  pages     = {139--150},
  bibsource = {DBLP, http://dblp.uni-trier.de}
}

@inproceedings{LindleyM14,
  author    = {Sam Lindley and Garrett Morris},
  title     = {Sessions as propositions},
  booktitle = {PLACES},
  year      = 2014,
}


@inproceedings{Toninho13,
 author = {Toninho, Bernardo and Caires, Lu\'{\i}s and Pfenning, Frank},
 title = {Higher-Order Processes, Functions, and Sessions: A Monadic Integration},
 booktitle = {Proceedings of the 22nd European Conference on Programming Languages and Systems},
 series = {ESOP'13},
 year = {2013},
 isbn = {978-3-642-37035-9},
 address = {Rome, Italy},
 pages = {350--369},
 numpages = {20},
 publisher = {Springer-Verlag}
}

@article{Baelde12,
 author = {Baelde, David},
 title = {Least and Greatest Fixed Points in Linear Logic},
 journal = {ACM Trans. Comput. Logic},
 issue_date = {January 2012},
 volume = {13},
 number = {1},
 month = jan,
 year = {2012},
 issn = {1529-3785},
 pages = {2:1--2:44},
 articleno = {2},
 numpages = {44},
 acmid = {2071370},
 publisher = {ACM},
 address = {New York, NY, USA},
 keywords = {(co)induction, Fixed points, cut elimination, focusing, linear logic, normalization, proof search, recursive definitions},
}

@inproceedings{Honda93,
  author    = {Kohei Honda},
  title     = {Types for Dyadic Interaction},
  booktitle = {CONCUR},
  year      = {1993},
  pages     = {509-523},
}

@inproceedings{Honda98,
  author    = {Kohei Honda and
               Vasco Thudichum Vasconcelos and
               Makoto Kubo},
  title     = {Language Primitives and Type Discipline for Structured Communication-Based
               Programming},
  booktitle = {ESOP},
  year      = {1998},
  pages     = {122-138},
  ee        = {http://dx.doi.org/10.1007/BFb0053567},
}

@inproceedings{Takeuchi94,
  author    = {Kaku Takeuchi and
               Kohei Honda and
               Makoto Kubo},
  title     = {An Interaction-based Language and its Typing System},
  booktitle = {PARLE},
  year      = {1994},
  pages     = {398-413},
  ee        = {http://dx.doi.org/10.1007/3-540-58184-7_118},
}

@article{Yoshida07,
  author    = {Nobuko Yoshida and
               Vasco Thudichum Vasconcelos},
  title     = {Language Primitives and Type Discipline for Structured Communication-Based
               Programming Revisited: Two Systems for Higher-Order Session
               Communication},
  journal   = {Electr. Notes Theor. Comput. Sci.},
  volume    = {171},
  number    = {4},
  year      = {2007},
  pages     = {73-93},
  ee        = {http://dx.doi.org/10.1016/j.entcs.2007.02.056},
}

@article{Bernardi13,
  author    = {Giovanni Bernardi and
               Matthew Hennessy},
  title     = {Using higher-order contracts to model session types},
  journal   = {CoRR},
  volume    = {abs/1310.6176},
  year      = {2013},
  ee        = {http://arxiv.org/abs/1310.6176},
}

@inproceedings{Kobayashi96,
  author    = {Naoki Kobayashi and
               Benjamin C. Pierce and
               David N. Turner},
  title     = {Linearity and the Pi-Calculus},
  booktitle = {POPL},
  year      = {1996},
  pages     = {358-371},
  ee        = {http://doi.acm.org/10.1145/237721.237804},
}

@inproceedings{Dardha12,
  author    = {Ornela Dardha and
               Elena Giachino and
               Davide Sangiorgi},
  title     = {Session types revisited},
  booktitle = {PPDP},
  year      = {2012},
  pages     = {139-150},
  ee        = {http://doi.acm.org/10.1145/2370776.2370794},
}

@inproceedings{DemangeonH11,
  author    = {Romain Demangeon and
               Kohei Honda},
  title     = {Full Abstraction in a Subtyped $\pi$-Calculus with Linear Types},
  booktitle = {CONCUR},
  year      = {2011},
  pages     = {280-296},
  ee        = {http://dx.doi.org/10.1007/978-3-642-23217-6_19},
  bibsource = {DBLP, http://dblp.uni-trier.de}
}

@misc{Toninho14,
  author = {Toninho, Bernardo and Caires, Lu\'{\i}s and Pfenning, Frank},
  title = {Corecursion in session-typed processes},
  year = 2014,
  note = {Draft},
}

@misc{Bernardi14,
  author = {Giovanni Bernardi and Ornela Dardha and Simon J. Gay and Dimitrios Kouzapas},
  title = {On duality relations for session types},
  year = 2014,
  note = {Draft},
}

@article{Bono12,
  author    = {Viviana Bono and
               Luca Padovani},
  title     = {Typing Copyless Message Passing},
  journal   = {Logical Methods in Computer Science},
  volume    = {8},
  number    = {1},
  year      = {2012},
}