@inproceedings{Wadler12,
 author = {Wadler, Philip},
 title = {Propositions As Sessions},
 booktitle = {Proceedings of the 17th ACM SIGPLAN International Conference on Functional Programming},
 series = {ICFP '12},
 year = {2012},
 OPTaddress = {Copenhagen, Denmark},
 pages = {273--286},
 publisher = {ACM},
}

@article{Girard87,
    address = {Essex, UK},
    author = {Girard, Jean-Yves},
    journal = {Theoretical Computer Science},
    month = jan,
    number = {1},
    pages = {1--101},
    publisher = {Elsevier Science Publishers Ltd.},
    title = {Linear logic},
    volume = {50},
    year = {1987}
}

@inproceedings{Abramsky92,
 author = {Abramsky, Samson},
 title = {Proofs As Processes},
 OPTbooktitle = {Selected Papers of the Conference on Meeting on the Mathematical Foundations of Programming Semantics, Part I : Linear Logic: Linear Logic},
 series = {MFPS '92},
 year = {1994},
 OPTaddress = {Oxford, United Kingdom},
 pages = {5--9},
 numpages = {5},
 publisher = {Elsevier},
}

@article{BellinScott94,
    author = {Bellin, Gianluigi and Scott, Philip J.},
    journal = {Theoretical Computer Science},
    number = {1},
    pages = {11--65},
    title = {On the {$\pi$-Calculus} and Linear Logic},
    volume = {135},
    year = {1994}
}

@inproceedings{CairesPfenning10,
  author    = {Lu\'{\i}s Caires and
               Frank Pfenning},
  title     = {Session Types as Intuitionistic Linear Propositions},
  booktitle = {International Conference on Concurrency Theory},
  series    = {CONCUR '10},
  year      = {2010},
  pages     = {222-236},
}

@article{GayVasconcelos10,
  title={Linear type theory for asynchronous session types},
  author={Gay, Simon J. and Vasconcelos, Vasco T.},
  journal={Journal of Functional Programming},
  volume={20},
  number={01},
  pages={19--50},
  year={2010},
  publisher={Cambridge Univ Press}
}

@article{Felleisen91,
  author    = {Matthias Felleisen},
  title     = {On the Expressive Power of Programming Languages},
  journal   = {Sci. Comput. Program.},
  volume    = {17},
  number    = {1--3},
  year      = {1991},
  pages     = {35-75},
  ee        = {http://dx.doi.org/10.1016/0167-6423(91)90036-W},
  bibsource = {DBLP, http://dblp.uni-trier.de}
}

@inproceedings{DardhaGS12,
  author    = {Ornela Dardha and
               Elena Giachino and
               Davide Sangiorgi},
  title     = {Session types revisited},
  booktitle = {PPDP},
  year      = {2012},
  pages     = {139--150},
  ee        = {http://doi.acm.org/10.1145/2370776.2370794},
  bibsource = {DBLP, http://dblp.uni-trier.de}
}

@inproceedings{LindleyM14,
  author    = {Sam Lindley and Garrett Morris},
  title     = {Sessions as propositions},
  booktitle = {PLACES},
  year      = 2014,
}
